<bibtex>

@article{abrahamsson2017agile,
  title  = {Agile software development methods: Review and analysis},
  author = {Abrahamsson, Pekka and Salo, Outi and Ronkainen, Jussi and Warsta, Juhani},
  year   = {2002}
}

@inproceedings{ackerman1995social,
  title     = {Social activity indicators: interface components for CSCW systems},
  author    = {Ackerman, Mark S and Starr, Brian},
  booktitle = {Proceedings of the 8th annual ACM symposium on User interface and software technology},
  pages     = {159--168},
  year      = {1995}
}

@misc{agile_manifesto,
  added-at    = {2007-12-30T11:39:05.000+0100},
  author      = {Beck, Kent and Beedle, Mike and van Bennekum, Arie and Cockburn, Alistair and Cunningham, Ward and Fowler, Martin and Grenning, James and Highsmith, Jim and Hunt, Andrew and Jeffries, Ron and Kern, Jon and Marick, Brian and Martin, Robert C. and Mellor, Steve and Schwaber, Ken and Sutherland, Jeff and Thomas, Dave},
  biburl      = {https://www.bibsonomy.org/bibtex/28954248a545d88dd2c0e688d1c7e2f9d/juve},
  booktitle   = {Manifesto for Agile Software Development},
  description = {Manifesto for Agile Software Development},
  interhash   = {098cc7e185f10c3da390459a01e0d535},
  intrahash   = {8954248a545d88dd2c0e688d1c7e2f9d},
  keywords    = {imported},
  timestamp   = {2007-12-30T11:39:05.000+0100},
  title       = {Manifesto for Agile Software Development},
  url         = {http://www.agilemanifesto.org/},
  year        = 2001
}

@article{alashwal2011knowledge,
  title     = {Knowledge sharing in a fragmented construction industry: On the hindsight},
  author    = {Alashwal, Ali Mohammed and Rahman, Hamzah Abdul and Beksin, Abdul Mutalib},
  journal   = {Scientific Research and Essays},
  volume    = {6},
  number    = {7},
  pages     = {1530--1536},
  year      = {2011},
  publisher = {Academic Journals}
}

@article{arayici2010building,
  title     = {Building information modelling (BIM) for construction lifecycle management},
  author    = {Arayici, Yusuf and Aouad, Ghassan and others},
  journal   = {Construction and Building: Design, Materials, and Techniques},
  volume    = {2010},
  pages     = {99--118},
  year      = {2010},
  publisher = {Nova Science Publishers New York, NY, USA}
}

@article{arayici2011technology,
  title     = {Technology adoption in the BIM implementation for lean architectural practice},
  author    = {Arayici, Yusuf and Coates, Paul and Koskela, Lauri and Kagioglou, Mike and Usher, Colin and O'Reilly, Karen},
  journal   = {Automation in construction},
  volume    = {20},
  number    = {2},
  pages     = {189--195},
  year      = {2011},
  publisher = {Elsevier}
}

@article{azhar2011building,
  title     = {Building information modeling (BIM): Trends, benefits, risks, and challenges for the AEC industry},
  author    = {Azhar, Salman},
  journal   = {Leadership and management in engineering},
  volume    = {11},
  number    = {3},
  pages     = {241--252},
  year      = {2011},
  publisher = {American society of civil engineers}
}

@article{azhar2012building,
  title   = {Building information modelling (BIM): now and beyond},
  author  = {Azhar, Salman and Khalfan, Malik and Maqsood, Tayyab},
  journal = {Construction Economics and Building},
  volume  = {12},
  number  = {4},
  pages   = {15--28},
  year    = {2012}
}

@article{aziz2013applying,
  title     = {Applying lean thinking in construction and performance improvement},
  author    = {Aziz, Remon Fayek and Hafez, Sherif Mohamed},
  journal   = {Alexandria Engineering Journal},
  volume    = {52},
  number    = {4},
  pages     = {679--695},
  year      = {2013},
  publisher = {Elsevier}
}

@article{ballard1994implementing,
  title     = {Implementing lean construction: stabilizing work flow},
  author    = {Ballard, Glenn and Howell, Greg},
  journal   = {Lean construction},
  pages     = {101--110},
  year      = {1994},
  publisher = {AA Balkema Publishers Rotterdam}
} 

@book{Beck:1999:EPE:318762,
  author    = {Beck, Kent},
  title     = {Extreme Programming Explained: Embrace Change},
  year      = {2000},
  isbn      = {0-201-61641-6},
  publisher = {Addison-Wesley Longman Publishing Co., Inc.},
  address   = {Boston, MA, USA}
}

@article{becker1998lean,
  title   = {Lean manufacturing and the Toyota production system},
  author  = {Becker, Ronald M},
  journal = {Encyclopedia of world biography},
  year    = {1998}
}

@article{benington1983production,
  title     = {Production of large computer programs},
  author    = {Benington, Herbert D},
  journal   = {Annals of the History of Computing},
  volume    = {5},
  number    = {4},
  pages     = {350--361},
  year      = {1983},
  publisher = {IEEE}
}

@misc{benjaminsen2019,
  title  = {Slik jobber de aller beste teamene},
  author = {Christina Benjaminsen},
  year   = {2019},
  url    = {https://gemini.no/2019/11/slik-jobber-de-aller-beste-teamene/}
}

@misc{bew2008bim,
  title     = {BIM Maturity Diagram},
  author    = {Bew, M. and Richards, M.},
  year      = {2008},
  publisher = {Royal Institute of British Architects (RIBA) Publishing, London}
}

@article{bick2017coordination,
  title     = {Coordination challenges in large-scale software development: a case study of planning misalignment in hybrid settings},
  author    = {Bick, Saskia and Spohrer, Kai and Hoda, Rashina and Scheerer, Alexander and Heinzl, Armin},
  journal   = {IEEE Transactions on Software Engineering},
  volume    = {44},
  number    = {10},
  pages     = {932--950},
  year      = {2017},
  publisher = {IEEE}
}

@article{boehm1987improving,
  title     = {Improving software productivity},
  author    = {Boehm, Barry W},
  journal   = {Computer},
  number    = {9},
  pages     = {43--57},
  year      = {1987},
  publisher = {IEEE}
} 

@inproceedings{boehm1987software,
  title        = {Software process management: lessons learned from history},
  author       = {Boehm, Barry W},
  booktitle    = {Proceedings of the 9th international conference on Software Engineering},
  pages        = {296--298},
  year         = {1987},
  organization = {IEEE Computer Society Press}
}

@article{bratteteig2016unpacking,
  title     = {Unpacking the notion of participation in participatory design},
  author    = {Bratteteig, Tone and Wagner, Ina},
  journal   = {Computer Supported Cooperative Work (CSCW)},
  volume    = {25},
  number    = {6},
  pages     = {425--475},
  year      = {2016},
  publisher = {Springer}
}

@inproceedings{carson2015implementing,
  title        = {Implementing structured requirements to improve requirements quality},
  author       = {Carson, Ronald S},
  booktitle    = {INCOSE International Symposium},
  volume       = {25},
  number       = {1},
  pages        = {54--67},
  year         = {2015},
  organization = {Wiley Online Library}
}

@article{cater2011skype,
  title   = {Skype a cost-effective method for qualitative research},
  author  = {Cater, Janet K},
  journal = {Rehabilitation Counselors \& Educators Journal},
  volume  = {4},
  number  = {2},
  pages   = {3},
  year    = {2011}
} 


@inproceedings{chuang2011applying,
  title     = {Applying cloud computing technology to BIM visualization and manipulation},
  author    = {Chuang, Tien-Hsiang and Lee, Bo-Cing and Wu, I-Chen},
  booktitle = {28th International Symposium on Automation and Robotics in Construction},
  volume    = {201},
  number    = {1},
  pages     = {144--149},
  year      = {2011}
} 

@misc{cii-10-10,
  url   = {http://www.10-10program.org/},
  title = {CII 10-10 Program},
  month = {November},
  year  = {2019}
}

@incollection{dainty2005hrm,
  title     = {HRM strategies for promoting knowledge sharing within construction project organisations: a case study},
  author    = {Dainty, Andrew RJ and Qin, Jidong and Carrillo, Patricia M},
  booktitle = {Knowledge management in the construction industry: A socio-technical perspective},
  pages     = {18--33},
  year      = {2005},
  publisher = {IGI Global}
}

@inproceedings{daramola2012pattern,
  title        = {Pattern-based security requirements specification using ontologies and boilerplates},
  author       = {Daramola, Olawande and Sindre, Guttorm and Stalhane, Tor},
  booktitle    = {2012 Second IEEE international workshop on requirements patterns (RePa)},
  pages        = {54--59},
  year         = {2012},
  organization = {IEEE}
}

@incollection{das2014bimcloud,
  title     = {BIMCloud: a distributed cloud-based social BIM framework for project collaboration},
  author    = {Das, Moumita and Cheng, Jack CP and Shiv Kumar, Srinath},
  booktitle = {Computing in Civil and Building Engineering (2014)},
  pages     = {41--48},
  year      = {2014}
}

@inproceedings{de2002single,
  title        = {Single sign-on architectures},
  author       = {De Clercq, Jan},
  booktitle    = {International Conference on Infrastructure Security},
  pages        = {40--58},
  year         = {2002},
  organization = {Springer}
}

@article{DeAngeli,
  author     = {De Angeli, Antonella and Coventry, Lynne and Johnson, Graham and Renaud, Karen},
  title      = {Is a Picture Really Worth a Thousand Words? Exploring the Feasibility of Graphical Authentication Systems},
  journal    = {Int. J. Hum.-Comput. Stud.},
  issue_date = {July 2005},
  volume     = {63},
  number     = {1-2},
  month      = jul,
  year       = {2005},
  issn       = {1071-5819},
  pages      = {128--152},
  numpages   = {25},
  url        = {http://dx.doi.org/10.1016/j.ijhcs.2005.04.020},
  doi        = {10.1016/j.ijhcs.2005.04.020},
  acmid      = {1090419},
  publisher  = {Academic Press, Inc.},
  address    = {Duluth, MN, USA},
  keywords   = {security, usability, user authentication, visual memory}
}

@article{dingsoyr2013research,
  title     = {Research challenges in large-scale agile software development},
  author    = {Dings{\o}yr, Torgeir and Moe, Nils Brede},
  journal   = {ACM SIGSOFT Software Engineering Notes},
  volume    = {38},
  number    = {5},
  pages     = {38--39},
  year      = {2013},
  publisher = {ACM}
}

@article{dingsoyr2018coordinating,
  title     = {Coordinating knowledge work in multiteam programs: findings from a large-scale agile development program},
  author    = {Dings{\o}yr, Torgeir and Moe, Nils Brede and Seim, Eva Amdahl},
  journal   = {Project Management Journal},
  volume    = {49},
  number    = {6},
  pages     = {64--77},
  year      = {2018},
  publisher = {SAGE Publications Sage CA: Los Angeles, CA}
}

@article{dybaa2008empirical,
  title     = {Empirical studies of agile software development: A systematic review},
  author    = {Dyb{\aa}, Tore and Dings{\o}yr, Torgeir},
  journal   = {Information and software technology},
  volume    = {50},
  number    = {9-10},
  pages     = {833--859},
  year      = {2008},
  publisher = {Elsevier}
}

@misc{e-procurement-process,
  title = {E-procurement Process},
  url   = {anskaffelser.no/public-procurement/e-procurement/e-procurement-process},
  year  = {2019}
}

@article{eadie2013bim,
  title     = {BIM implementation throughout the UK construction project lifecycle: An analysis},
  author    = {Eadie, Robert and Browne, Mike and Odeyinka, Henry and McKeown, Clare and McNiff, Sean},
  journal   = {Automation in construction},
  volume    = {36},
  pages     = {145--151},
  year      = {2013},
  publisher = {Elsevier}
}

@article{ehn1993scandinavian,
  title     = {Scandinavian design: On participation and skill},
  author    = {Ehn, Pelle},
  journal   = {Participatory design: Principles and practices},
  volume    = {41},
  pages     = {77},
  year      = {1993},
  publisher = {Hillsdale, NJ, USA}
}

@book{empiriske,
  author    = {Briony J Oates},
  title     = {Researching Information Systems and Computing},
  publisher = {SAGE Publications},
  year      = {2006}
}

@article{floisbonn2018mmi,
  title   = {MMI-Modell Modenhets Indeks},
  author  = {Fl{\o}isbonn, HW and Skeie, G and Uppstad, B and Markussen, B and Sunesen, S},
  journal = {Tilgjengelig fra: https://www.arkitektbedriftene.no/arkitektbedriftene-rif-og-eba-medfelles-mmi-veileder},
  year    = {2018}
}

@article{frank_gehry,
  author  = {Boland, Richard and Lyytinen, Kalle and Yoo, Youngjin},
  year    = {0002},
  month   = {08},
  pages   = {631-647},
  title   = {Wakes of Innovation in Project Networks: The Case of Digital 3D Representations in Architecture, Engineering, and Construction},
  volume  = {18},
  journal = {Organization Science},
  doi     = {10.1287/orsc.1070.0304}
}

@book{Friedman,
  author    = {Friedman, Andrew L. and Cornford, Dominic S.},
  title     = {Computer Systems Development: History Organization and Implementation},
  year      = {1989},
  isbn      = {0471923990},
  publisher = {John Wiley \& Sons, Inc.},
  address   = {New York, NY, USA}
}

@misc{green2004learning,
  title     = {Learning across business sectors: knowledge sharing between aerospace and construction},
  author    = {Green, SD and Newcombe, R and Fernie, S and Weller, S},
  year      = {2004},
  publisher = {The University of Reading}
}

@article{Grudin,
  title   = {Computer-supported cooperative work: history and focus},
  author  = {Jonathan Grudin},
  journal = {Computer},
  year    = {1994},
  volume  = {27},
  pages   = {19-26}
}

@article{grudin1989groupware,
  title   = {Why groupware applications fail: Problems in design and evaluation Office},
  author  = {Grudin, Jonathan},
  journal = {Technology and people},
  volume  = {4},
  number  = {3},
  pages   = {245--264},
  year    = {1989}
}

@article{gu2010understanding,
  title     = {Understanding and facilitating BIM adoption in the AEC industry},
  author    = {Gu, Ning and London, Kerry},
  journal   = {Automation in construction},
  volume    = {19},
  number    = {8},
  pages     = {988--999},
  year      = {2010},
  publisher = {Elsevier}
}

@article{hammer1990reengineering,
  title     = {Reengineering work: don't automate, obliterate},
  author    = {Hammer, Michael},
  journal   = {Harvard business review},
  volume    = {68},
  number    = {4},
  pages     = {104--112},
  year      = {1990},
  publisher = {Boston}
}

@article{hartmann2012aligning,
  title     = {Aligning building information model tools and construction management methods},
  author    = {Hartmann, Timo and Van Meerveld, Hendrik and Vossebeld, Niels and Adriaanse, Arjen},
  journal   = {Automation in construction},
  volume    = {22},
  pages     = {605--613},
  year      = {2012},
  publisher = {Elsevier}
}

@article{hatling1998social,
  title   = {Social constructions of user participation},
  author  = {Hatling, Morten and S{\o}rensen, Knut H},
  journal = {The spectre of participation: Technology and work in a welfare state},
  pages   = {171--188},
  year    = {1998}
}

@inproceedings{howell1999lean,
  title        = {What is lean construction-1999},
  author       = {Howell, Gregory A},
  year         = {1999},
  organization = {Citeseer}
}

@article{incose2015guide,
  title     = {Guide for writing requirements},
  author    = {INCOSE, RWG},
  journal   = {Version 2. Prepared by: Requirements Working Group},
  year      = {2015},
  publisher = {INCOSE San Diego, CA (US)}
}

@article{ingvaldsen2012lean,
  title     = {Lean organisering i norsk arbeidsliv: slutten p{\aa} medvirkning?},
  author    = {Ingvaldsen, Jonas A and Rolfsen, Monica and Finsrud, Henrik D},
  year      = {2012},
  publisher = {Fagbokforlaget}
}

@inproceedings{inproceedings,
  author = {Moe, Nils and Dahl, Bjørn and Stray, Viktoria and Karlsen, Lina and Schjødt-Osmo, Stine},
  year   = {2019},
  month  = {01},
  pages  = {},
  title  = {Team Autonomy in Large-Scale Agile},
  doi    = {10.24251/HICSS.2019.839}
}

@article{janghorban2014skype,
  title     = {Skype interviewing: The new generation of online synchronous interview in qualitative research},
  author    = {Janghorban, Roksana and Roudsari, Robab Latifnejad and Taghipour, Ali},
  journal   = {International journal of qualitative studies on health and well-being},
  volume    = {9},
  number    = {1},
  pages     = {24152},
  year      = {2014},
  publisher = {Taylor \& Francis}
} 

@book{japan1986kanban,
  title     = {Kanban just-in time at Toyota: Management begins at the workplace},
  author    = {Japan Management Association and others},
  year      = {1986},
  publisher = {CRC Press}
}

@misc{jung2017computational,
  title     = {Computational collective intelligence with big data: Challenges and opportunities},
  author    = {Jung, Jason J},
  year      = {2017},
  publisher = {Elsevier}
}

@article{kamara2002knowledge,
  author  = {Kamara,J. M. and Augenbroe,G. and Anumba,C. J. and Carrillo,P. M.},
  year    = {2002},
  month   = {03},
  title   = {Knowledge management in the architecture, engineering and construction industry},
  journal = {Construction Innovation},
  volume  = {2},
  number  = {1},
  pages   = {53-67},
  url     = {https://search.proquest.com/docview/218321531?accountid=12870}
}

@article{kivrak2008capturing,
  title     = {Capturing knowledge in construction projects: Knowledge platform for contractors},
  author    = {Kivrak, Serkan and Arslan, Gokhan and Dikmen, Irem and Birgonul, M Talat},
  journal   = {Journal of Management in Engineering},
  volume    = {24},
  number    = {2},
  pages     = {87--95},
  year      = {2008},
  publisher = {American Society of Civil Engineers}
}

@article{kloppenborg2002current,
  title     = {The current state of project management research: trends, interpretations, and predictions},
  author    = {Kloppenborg, Timothy J and Opfer, Warren A},
  journal   = {Project Management Journal},
  volume    = {33},
  number    = {2},
  pages     = {5--18},
  year      = {2002},
  publisher = {SAGE Publications Sage CA: Los Angeles, CA}
}

@mastersthesis{KPIs_in_lean,
  title   = {KPIs in a Lean design process},
  author  = {Hedvig Skappel},
  year    = {2017},
  school  = {Norwegian University of Life Sciences},
  address = {ÅS}
}

@inproceedings{Kraut,
  author    = {Ensor, Bob},
  title     = {How Can We Make Groupware Practical? (Panel)},
  booktitle = {Proceedings of the SIGCHI Conference on Human Factors in Computing Systems},
  series    = {CHI '90},
  year      = {1990},
  isbn      = {0-201-50932-6},
  location  = {Seattle, Washington, USA},
  pages     = {87--89},
  numpages  = {3},
  url       = {http://doi.acm.org/10.1145/97243.97259},
  doi       = {10.1145/97243.97259},
  acmid     = {97259},
  publisher = {ACM},
  address   = {New York, NY, USA}
}

@article{laedre2006procurement,
  title     = {Procurement routes in public building and construction projects},
  author    = {L{\ae}dre, Ola and Austeng, Kjell and Haugen, Tore I and Klakegg, Ole Jonny},
  journal   = {Journal of construction engineering and management},
  volume    = {132},
  number    = {7},
  pages     = {689--696},
  year      = {2006},
  publisher = {American Society of Civil Engineers}
}

@incollection{lang2013cost,
  title     = {Cost estimation in agile software development projects},
  author    = {Lang, Michael and Conboy, Kieran and Keaveney, Siobh{\'a}n},
  booktitle = {Information Systems Development},
  pages     = {689--706},
  year      = {2013},
  publisher = {Springer}
}

@article{langlo2013maaling,
  title   = {M{\aa}ling av produktivitet og prestasjoner i byggen{\ae}ringen},
  author  = {Langlo, Jan Alexander and Bakken, S and Karud, OJ and Malm, E and Andersen, B},
  journal = {Trondheim: SINTEF Byggforsk},
  pages   = {7},
  year    = {2013}
}

@book{lean_i_praksis,
  author    = {Hans Thomas Holm and Astrid Renata Van Veen and Sven Wertebach and Per Roger Johansen},
  title     = {Lean metodikk i praksis},
  publisher = {Ad Notam Forlag},
  year      = {2018}
}

@article{liang2016development,
  title     = {Development of a multifunctional BIM maturity model},
  author    = {Liang, Cong and Lu, Weisheng and Rowlinson, Steve and Zhang, Xiaoling},
  journal   = {Journal of construction engineering and management},
  volume    = {142},
  number    = {11},
  pages     = {06016003},
  year      = {2016},
  publisher = {American Society of Civil Engineers}
}

@book{liker2004toyota,
  title     = {The toyota way},
  author    = {Liker, Jeffrey},
  year      = {2004},
  publisher = {Esensi}
}

@inproceedings{liskin2014we,
  title        = {Why we need a granularity concept for user stories},
  author       = {Liskin, Olga and Pham, Raphael and Kiesling, Stephan and Schneider, Kurt},
  booktitle    = {International Conference on Agile Software Development},
  pages        = {110--125},
  year         = {2014},
  organization = {Springer}
}

@article{markus1987toward,
  title     = {Toward a “critical mass” theory of interactive media: Universal access, interdependence and diffusion},
  author    = {Markus, M Lynne},
  journal   = {Communication research},
  volume    = {14},
  number    = {5},
  pages     = {491--511},
  year      = {1987},
  publisher = {Sage Newbury Park}
}

@misc{menabrea1842sketch,
  title  = {Sketch of the analytical engine invented by Charles Babbage},
  author = {Menabrea, Luigi Federico and Lovelace, Ada},
  year   = {1842}
}

@article{migilinskas2013benefits,
  title     = {The benefits, obstacles and problems of practical BIM implementation},
  author    = {Migilinskas, Darius and Popov, Vladimir and Juocevicius, Virgaudas and Ustinovichius, Leonas},
  journal   = {Procedia Engineering},
  volume    = {57},
  pages     = {767--774},
  year      = {2013},
  publisher = {Elsevier}
}

@article{miller2002harmonization,
  title     = {Harmonization between main contractors and subcontractors: a prerequisite for lean construction?},
  author    = {Miller, Christopher JM and Packham, Gary A and Thomas, Brychan C},
  journal   = {Journal of Construction Research},
  volume    = {3},
  number    = {01},
  pages     = {67--82},
  year      = {2002},
  publisher = {World Scientific}
}

@article{moe2018schedule,
  title  = {To schedule or not to schedule? An investigation of meetings as an inter-team coordination mechanism in large-scale agile software development},
  author = {Moe, Nils Brede and Dings{\o}yr, Torgeir and Rolland, Knut},
  year   = {2018}
}

@article{monplaisir2002enhancing,
  title   = {Enhancing CSCW with Advanced Decision Making Tools for an Agile Manufacturing System Design Application},
  author  = {Monplaisir, Leslie},
  journal = {Group Decision \& Negotiation},
  volume  = {11},
  number  = {1},
  pages   = {45--63},
  year    = {2002}
}

@article{naur1969software,
  title     = {Software Engineering: Report of a conference sponsored by the NATO Science Committee, Garmisch, Germany, 7th-11th October 1968},
  author    = {Naur, Peter and Randell, Brian},
  year      = {1969},
  publisher = {Newcastle University}
}

@article{nielsen199510,
  title   = {10 usability heuristics for user interface design},
  author  = {Nielsen, Jakob},
  journal = {Nielsen Norman Group},
  volume  = {1},
  number  = {1},
  year    = {1995}
}

@article{nitithamyong2006success,
  title     = {Success/failure factors and performance measures of web-based construction project management systems: professionals’ viewpoint},
  author    = {Nitithamyong, Pollaphat and Skibniewski, Miros{\l}aw J},
  journal   = {Journal of construction engineering and management},
  volume    = {132},
  number    = {1},
  pages     = {80--87},
  year      = {2006},
  publisher = {American Society of Civil Engineers}
}

@misc{nordic-10-10,
  title = {Nordic 10-10},
  url   = {https://nordic10-10.org/},
  month = {November},
  year  = {2019}
}

@article{nygren1992reading,
  title     = {Reading the medical record. I. Analysis of physician's ways of reading the medical record},
  author    = {Nygren, Else and Henriksson, Peter},
  journal   = {Computer methods and programs in biomedicine},
  volume    = {39},
  number    = {1-2},
  pages     = {1--12},
  year      = {1992},
  publisher = {Elsevier}
}

@article{o1999home,
  title     = {At home with the technology: an ethnographic study of a set-top-box trial},
  author    = {O'Brien, Jon and Rodden, Tom and Rouncefield, Mark and Hughes, John},
  journal   = {ACM Transactions on Computer-Human Interaction (TOCHI)},
  volume    = {6},
  number    = {3},
  pages     = {282--308},
  year      = {1999},
  publisher = {ACM}
}

@online{open2019,
  url    = {http://www.opengroup.org/security/l2-sso.htm},
  title  = {Single Sign-On},
  author = {Open Group},
  year   = {2019}
}

@inproceedings{orlikowski1992learning,
  title     = {Learning from notes: Organizational issues in groupware implementation},
  author    = {Orlikowski, Wanda J},
  booktitle = {Proceedings of the 1992 ACM conference on Computer-supported cooperative work},
  pages     = {362--369},
  year      = {1992}
}

@inproceedings{owen2006agile,
  title     = {Agile construction project management},
  author    = {Owen, Robert L and Koskela, Lauri},
  booktitle = {6th International Postgraduate Research Conference in the Built and Human Environment},
  volume    = {6},
  number    = {7},
  year      = {2006}
}

@article{padalkar2016six,
  title     = {Six decades of project management research: Thematic trends and future opportunities},
  author    = {Padalkar, Milind and Gopinath, Saji},
  journal   = {International Journal of Project Management},
  volume    = {34},
  number    = {7},
  pages     = {1305--1321},
  year      = {2016},
  publisher = {Elsevier}
}

@book{palmer2001practical,
  title     = {A practical guide to feature-driven development},
  author    = {Palmer, Steve R and Felsing, Mac},
  year      = {2001},
  publisher = {Pearson Education}
}

@inproceedings{pandey2010effective,
  title        = {An effective requirement engineering process model for software development and requirements management},
  author       = {Pandey, Dhirendra and Suman, Ugrasen and Ramani, AK},
  booktitle    = {2010 International Conference on Advances in Recent Technologies in Communication and Computing},
  pages        = {287--291},
  year         = {2010},
  organization = {IEEE}
}

@book{pohl2010requirements,
  title     = {Requirements engineering: fundamentals, principles, and techniques},
  author    = {Pohl, Klaus},
  year      = {2010},
  publisher = {Springer Publishing Company, Incorporated}
}

@misc{productivity,
  title        = {Produktivitetsfall i bygg og anlegg},
  author       = {Steinar Todsen},
  howpublished = {https://www.ssb.no/bygg-bolig-og-eiendom/artikler-og-publikasjoner/produktivitsfall-i-bygg-og-anlegg},
  month        = {January},
  year         = {2018}
}

@book{ries2011lean,
  title     = {The lean startup: How today's entrepreneurs use continuous innovation to create radically successful businesses},
  author    = {Ries, Eric},
  year      = {2011},
  publisher = {Crown Books}
}

@article{Robey&Sahay,
  author  = {Robey, Daniel and Sahay, Sundeep},
  title   = {Transforming Work Through Information Technology: A Comparative Case Study of Geographic Information Systems in County Government},
  journal = {Information Systems Research},
  volume  = {7},
  number  = {1},
  pages   = {93-110},
  year    = {1996},
  doi     = {10.1287/isre.7.1.93}
}

@inproceedings{rolfsen,
  title  = {Prior ties and trust development in project teams – A case study from the construction industry},
  author = {Marte Pettersen Buvik and Monica Rolfsen},
  year   = {2015}
}

@incollection{rolfsen2004tyranny,
  title     = {The tyranny of trends? Towards an alternative perspective on fads in management},
  author    = {Rolfsen, Monica},
  booktitle = {Key issues in organizational communication},
  pages     = {126--142},
  year      = {2004},
  publisher = {Routledge}
}

@inproceedings{rolland1992natural,
  title        = {A natural language approach for requirements engineering},
  author       = {Rolland, Colette and Proix, Christophe},
  booktitle    = {International Conference on Advanced Information Systems Engineering},
  pages        = {257--277},
  year         = {1992},
  organization = {Springer}
}

@inproceedings{royce,
  author    = {Royce, W. W.},
  title     = {Managing the Development of Large Software Systems: Concepts and Techniques},
  booktitle = {Proceedings of the 9th International Conference on Software Engineering},
  series    = {ICSE '87},
  year      = {1987},
  isbn      = {0-89791-216-0},
  location  = {Monterey, California, USA},
  pages     = {328--338},
  numpages  = {11},
  url       = {http://dl.acm.org/citation.cfm?id=41765.41801},
  acmid     = {41801},
  publisher = {IEEE Computer Society Press},
  address   = {Los Alamitos, CA, USA}
}

@article{salem2006lean,
  title     = {Lean construction: From theory to implementation},
  author    = {Salem, Ossama and Solomon, J and Genaidy, A and Minkarah, I},
  journal   = {Journal of management in engineering},
  volume    = {22},
  number    = {4},
  pages     = {168--175},
  year      = {2006},
  publisher = {American Society of Civil Engineers}
}

@article{shirkavand2016defects,
  title     = {Defects at handover in Norwegian construction projects},
  author    = {Shirkavand, Iman and Lohne, Jardar and L{\ae}dre, Ola},
  journal   = {Procedia-Social and Behavioral Sciences},
  volume    = {226},
  pages     = {3--11},
  year      = {2016},
  publisher = {Elsevier}
}

@inproceedings{shook2002lean,
  title     = {Lean learnings},
  author    = {Shook, J},
  booktitle = {Proceedings of 8th Annual Lean Manufacturing Conference, University of Michigan, Hyatt Regency, Dearborn, MI},
  year      = {2002}
}

@article{smite2019spotify,
  title     = {Spotify Guilds: How to Succeed With Knowledge Sharing in Large-Scale Agile Organizations},
  author    = {Smite, Darja and Moe, Nils Brede and Levinta, Georgiana and Floryan, Marcin},
  journal   = {IEEE Software},
  volume    = {36},
  number    = {2},
  pages     = {51--57},
  year      = {2019},
  publisher = {IEEE}
}

@online{ssb_productivity,
  author       = {Statistics of Norway},
  organization = {Statistics of Norway},
  url          = {https://www.ssb.no/bygg-bolig-og-eiendom/artikler-og-publikasjoner/produktivitsfall-i-bygg-og-anlegg},
  title        = {Produktivitetsfall i bygg og anlegg},
  month        = {January},
  year         = {2018}
}

@article{star&griesemer,
  author  = {Star, S. and Griesemer, J.},
  title   = {Institutional Ecology, 'Translations' and Boundary Objects: Amateurs and Professionals in Berkeley's Museum of Vertebrate Zoology, 1907-39},
  journal = {Social Studies of Science},
  year    = {1989},
  volume  = {19},
  number  = {3},
  pages   = {387-420}
}

@misc{statsbygg2019uio,
  title = {UiO, Livsvitenskap. Nybygg},
  year  = {2019},
  month = {November},
  url   = {https://www.statsbygg.no/Prosjekter-og-eiendommer/Byggeprosjekter/UiO-Livsvitenskap/}
}

@article{subramanyam2010user,
  title     = {User participation in software development projects},
  author    = {Subramanyam, Ramanath and Weisstein, Fei Lee and Krishnan, Mayuram S},
  journal   = {Communications of the ACM},
  volume    = {53},
  number    = {3},
  pages     = {137--141},
  year      = {2010},
  publisher = {ACM}
}

@techreport{suermann2009evaluating,
  title       = {Evaluating the impact of building information modeling (BIM) on construction},
  author      = {Suermann, Patrick C},
  year        = {2009},
  institution = {FLORIDA UNIV GAINESVILLE GRADUATE SCHOOL}
}

@book{sutherland,
  title     = {Scrum: The Art of Doing Twice the Work in Half the Time},
  author    = {Sutherland, J.J.},
  year      = {2014},
  publisher = {Crown Publishing Group}
}

@article{svanaes2010usability,
  title     = {Usability testing of mobile ICT for clinical settings: Methodological and practical challenges},
  author    = {Svan{\ae}s, Dag and Alsos, Ole Andreas and Dahl, Yngve},
  journal   = {International journal of medical informatics},
  volume    = {79},
  number    = {4},
  pages     = {e24--e34},
  year      = {2010},
  publisher = {Elsevier}
}

@mastersthesis{svorstol2017tailoring,
  title  = {Tailoring Agile Methods for Large Projects-A Case Study of a Large Agile Project},
  author = {Svorst{\o}l, Stein-Otto},
  year   = {2017},
  school = {NTNU}
}

@article{takeuchi1986new,
  title   = {The new new product development game},
  author  = {Takeuchi, Hirotaka and Nonaka, Ikujiro},
  journal = {Harvard business review},
  volume  = {64},
  number  = {1},
  pages   = {137--146},
  year    = {1986}
}

@misc{uio2019science,
  title = {The new life science building},
  year  = {2019},
  month = {November},
  url   = {https://www.uio.no/english/research/strategic-research-areas/life-science/about/building/}
}

@misc{vekst2018,
  title = {Veksten i bygg og anlegg fortsatt i fjor},
  url   = {https://www.ssb.no/bygg-bolig-og-eiendom/artikler-og-publikasjoner/veksten-i-bygg-og-anlegg-fortsatte-i-fjor},
  year  = {2019}
}

@article{wang2017prior,
  title     = {Do prior interactions breed cooperation in construction projects? The mediating role of contracts},
  author    = {Wang, Yu and Chen, Yongqiang and Fu, Yongcheng and Zhang, Wenjing},
  journal   = {International journal of project management},
  volume    = {35},
  number    = {4},
  pages     = {633--646},
  year      = {2017},
  publisher = {Elsevier}
}

@article{wong2014review,
  title     = {A review of cloud-based BIM technology in the construction sector},
  author    = {Wong, Johnny and Wang, Xiangyu and Li, Heng and Chan, Greg},
  journal   = {Journal of information technology in construction},
  volume    = {19},
  pages     = {281--291},
  year      = {2014},
  publisher = {International Council for Research and Innovation in Building and Construction}
}

@article{wood2009factors,
  title     = {Factors of complexity in construction projects},
  author    = {Wood, Hannah and Ashton, Philip},
  year      = {2009},
  publisher = {ARCOM}
}

@article{xu2009coordination,
  title   = {Coordination in large agile projects},
  author  = {Xu, Peng},
  journal = {Review of Business Information Systems (RBIS)},
  volume  = {13},
  number  = {4},
  year    = {2009}
}

@article{yin1993case,
  title   = {Case study research design and methods applied},
  author  = {Yin, Robert K},
  journal = {Social Research Methods Series},
  volume  = {5},
  year    = {1993}
}

@article{zaghloul2003construction,
  title     = {Construction contracts: the cost of mistrust},
  author    = {Zaghloul, Ramy and Hartman, Francis},
  journal   = {International Journal of Project Management},
  volume    = {21},
  number    = {6},
  pages     = {419--424},
  year      = {2003},
  publisher = {Elsevier}
}

@article{zhang2011bim,
  title     = {BIM-and 4D-based integrated solution of analysis and management for conflicts and structural safety problems during construction: 1. Principles and methodologies},
  author    = {Zhang, JP and Hu, ZZ},
  journal   = {Automation in construction},
  volume    = {20},
  number    = {2},
  pages     = {155--166},
  year      = {2011},
  publisher = {Elsevier}
}

@article{zhangAttitude,
  author  = {Zhang,Peihua and Ng,Fung F.},
  year    = {2012},
  title   = {Attitude toward knowledge sharing in construction teams},
  journal = {Industrial Management \& Data Systems},
  volume  = {112},
  number  = {9},
  pages   = {1326-1347},
  url     = {https://search.proquest.com/docview/1080974233?accountid=12870}
}

</bibtex>
